<?xml version="1.0" encoding="UTF-8"?><record xmlns="http://www.loc.gov/MARC21/slim" xmlns:cinclude="http://apache.org/cocoon/include/1.0" xmlns:zs="http://www.loc.gov/zing/srw/">
  <leader>00592cz  a2200145n  4500</leader>
  <controlfield tag="001">no 97005218 </controlfield>
  <controlfield tag="003">DLC</controlfield>
  <controlfield tag="005">20120731083640.0</controlfield>
  <controlfield tag="008">970127n| acannaab           |n ana     c</controlfield>
  <datafield tag="010" ind1=" " ind2=" ">
    <subfield code="a">no 97005218 </subfield>
  </datafield>
  <datafield tag="035" ind1=" " ind2=" ">
    <subfield code="a">(OCoLC)oca04256292</subfield>
  </datafield>
  <datafield tag="040" ind1=" " ind2=" ">
    <subfield code="a">NmU</subfield>
    <subfield code="b">eng</subfield>
    <subfield code="c">NmU</subfield>
    <subfield code="d">DLC</subfield>
  </datafield>
  <datafield tag="111" ind1="2" ind2=" ">
    <subfield code="a">Native American Multimedia Training Seminar</subfield>
    <subfield code="d">(1976 :</subfield>
    <subfield code="c">Albuquerque, N.M.)</subfield>
  </datafield>
  <datafield tag="667" ind1=" " ind2=" ">
    <subfield code="a">THIS 1XX FIELD CANNOT BE USED UNDER RDA UNTIL THIS RECORD HAS BEEN REVIEWED AND/OR UPDATED</subfield>
  </datafield>
  <datafield tag="670" ind1=" " ind2=" ">
    <subfield code="a">Shí ̕łééchąąí̕ tá,́̕ 1976:</subfield>
    <subfield code="b">p. 4 of cover (Native American Multimedia Training Seminar, Albuquerque, N.M., 1976)</subfield>
  </datafield>
</record>